@misc{001,
  title="Project source code",
  howpublished = "\url{https://tinyurl.com/y7xxmpy6}",
   author={ CodeBasedStarPredictor},
	month = "April",
      year = "2020",
}