
@misc{001,
    title={Deep Learning in Software Engineering},
    author={Xiaochen Li and He Jiang and Zhilei Ren and Ge Li and Jingxuan Zhang},
    year={2018},
    eprint={1805.04825},
    archivePrefix={arXiv},
    primaryClass={cs.SE}
}
@misc{002,
    title={Software Engineering Meets Deep Learning: A Literature Review},
    author={Fabio Ferreira and Luciana Lourdes Silva and Marco Tulio Valente},
    year={2019},
    eprint={1909.11436},
    archivePrefix={arXiv},
    primaryClass={cs.SE}
}

@article{003, author = {Allamanis, Miltiadis and Barr, Earl T. and Devanbu, Premkumar and Sutton, Charles}, title = {A Survey of Machine Learning for Big Code and Naturalness}, year = {2018}, issue_date = {September 2018}, publisher = {Association for Computing Machinery}, address = {New York, NY, USA}, volume = {51}, number = {4}, issn = {0360-0300}, url = {https://doi.org/10.1145/3212695}, doi = {10.1145/3212695}, journal = {ACM Comput. Surv.}, month = jul, articleno = {Article 81}, numpages = {37}, keywords = {software engineering tools, machine learning, Big code, code naturalness} }

@inproceedings{004, author = {Allamanis, Miltiadis and Tarlow, Daniel and Gordon, Andrew D. and Wei, Yi}, title = {Bimodal Modelling of Source Code and Natural Language}, year = {2015}, publisher = {JMLR.org}, booktitle = {Proceedings of the 32nd International Conference on International Conference on Machine Learning - Volume 37}, pages = {2123–2132}, numpages = {10}, location = {Lille, France}, series = {ICML’15} }

@inproceedings{005, author = {Gu, Xiaodong and Zhang, Hongyu and Zhang, Dongmei and Kim, Sunghun}, title = {Deep API Learning}, year = {2016}, isbn = {9781450342186}, publisher = {Association for Computing Machinery}, address = {New York, NY, USA}, url = {https://doi.org/10.1145/2950290.2950334}, doi = {10.1145/2950290.2950334}, booktitle = {Proceedings of the 2016 24th ACM SIGSOFT International Symposium on Foundations of Software Engineering}, pages = {631–642}, numpages = {12}, keywords = {deep learning, API, code search, RNN, API usage}, location = {Seattle, WA, USA}, series = {FSE 2016} }

@inproceedings{006,
   author = {Xi Victoria Lin and Chenglong Wang and Luke Zettlemoyer and
	Michael D. Ernst},
   title = {{NL2Bash}: A corpus and semantic parser for natural language
	interface to the {Linux} operating system},
   booktitle = {LREC: Language Resources and Evaluation Conference},
   address = {Miyazaki, Japan},
   month = may,
   year = {2018}
}

@inproceedings{007, author = {Van Nguyen, Thanh and Nguyen, Anh Tuan and Nguyen, Tien N.}, title = {Characterizing API Elements in Software Documentation with Vector Representation}, year = {2016}, isbn = {9781450342056}, publisher = {Association for Computing Machinery}, address = {New York, NY, USA}, url = {https://doi.org/10.1145/2889160.2892658}, doi = {10.1145/2889160.2892658}, booktitle = {Proceedings of the 38th International Conference on Software Engineering Companion}, pages = {749–751}, numpages = {3}, keywords = {software libraries, software documentation, Word2Vec}, location = {Austin, Texas}, series = {ICSE ’16} }

@article{008,
  author    = {Hoa Khanh Dam and
               Truyen Tran and
               Trang Pham},
  title     = {A deep language model for software code},
  journal   = {CoRR},
  volume    = {abs/1608.02715},
  year      = {2016},
  url       = {http://arxiv.org/abs/1608.02715},
  archivePrefix = {arXiv},
  eprint    = {1608.02715},
  timestamp = {Mon, 13 Aug 2018 16:48:29 +0200},
  biburl    = {https://dblp.org/rec/journals/corr/DamTP16.bib},
  bibsource = {dblp computer science bibliography, https://dblp.org}
}
@article{009,
  author    = {Mehdi Drissi and
               Olivia Watkins and
               Aditya Khant and
               Vivaswat Ojha and
               Pedro Sandoval Segura and
               Rakia Segev and
               Eric Weiner and
               Robert Keller},
  title     = {Program Language Translation Using a Grammar-Driven Tree-to-Tree Model},
  journal   = {CoRR},
  volume    = {abs/1807.01784},
  year      = {2018},
  url       = {http://arxiv.org/abs/1807.01784},
  archivePrefix = {arXiv},
  eprint    = {1807.01784},
  timestamp = {Tue, 11 Jun 2019 09:38:51 +0200},
  biburl    = {https://dblp.org/rec/journals/corr/abs-1807-01784.bib},
  bibsource = {dblp computer science bibliography, https://dblp.org}
}

@INPROCEEDINGS{010, 
author={A. {Alhefdhi} and H. K. {Dam} and H. {Hata} and A. {Ghose}}, 
booktitle={2018 25th Australasian Software Engineering Conference (ASWEC)}, 
title={Generating Pseudo-Code from Source Code Using Deep Learning}, 
year={2018}, 
volume={}, 
number={}, 
pages={21-25}, 
keywords={language translation;learning (artificial intelligence);neural nets;Python;source code;pseudocode;code statement;deep learning encoder-decoder;natural language;mathematical expressions;programmers;programming language;Neural Machine Translation;attention-based Long Short-Term Memory architecture;long-term dependencies;Python dataset;Python;Logic gates;Decoding;Training;Natural languages;pseudo-code;encoder-decoder;seq2seq;documentation;lstm}, 
doi={10.1109/ASWEC.2018.00011}, 
ISSN={1530-0803}, 
month={Nov},}

@INPROCEEDINGS {012,
author = {H. Phan and H. Nguyen and T. N. Nguyen and H. Rajan},
booktitle = {2017 IEEE/ACM 39th International Conference on Software Engineering (ICSE)},
title = {Statistical Learning for Inference between Implementations and Documentation},
year = {2017},
volume = {},
issn = {},
pages = {27-30},
keywords = {documentation;computational modeling;libraries;indexes;semantics;data mining;training},
doi = {10.1109/ICSE-NIER.2017.9},
url = {https://doi.ieeecomputersociety.org/10.1109/ICSE-NIER.2017.9},
publisher = {IEEE Computer Society},
address = {Los Alamitos, CA, USA},
month = {may}
}


@INPROCEEDINGS{011, 
author={Y. {Oda} and H. {Fudaba} and G. {Neubig} and H. {Hata} and S. {Sakti} and T. {Toda} and S. {Nakamura}}, 
booktitle={2015 30th IEEE/ACM International Conference on Automated Software Engineering (ASE)}, 
title={Learning to Generate Pseudo-Code from Source Code Using Statistical Machine Translation (T)}, 
year={2015}, 
volume={}, 
number={}, 
pages={574-584}, 
keywords={language translation;natural language processing;statistical analysis;source code;statistical machine translation;natural language;programming language;SMT framework;English pseudocode;Japanese pseudocode;Python statement;Natural languages;Computer languages;Software engineering;Programming profession;Generators;Software;Algorithms;Education;Statistical Approach}, 
doi={10.1109/ASE.2015.36}, 
ISSN={null}, 
month={Nov},}

@inproceedings{012, author = {Liu, Zhongxin and Xia, Xin and Hassan, Ahmed E. and Lo, David and Xing, Zhenchang and Wang, Xinyu}, title = {Neural-Machine-Translation-Based Commit Message Generation: How Far Are We?}, year = {2018}, isbn = {9781450359375}, publisher = {Association for Computing Machinery}, address = {New York, NY, USA}, url = {https://doi.org/10.1145/3238147.3238190}, doi = {10.1145/3238147.3238190}, booktitle = {Proceedings of the 33rd ACM/IEEE International Conference on Automated Software Engineering}, pages = {373–384}, numpages = {12}, keywords = {Commit message generation, Nearest neighbor algorithm, Neural machine translation}, location = {Montpellier, France}, series = {ASE 2018} }

@inproceedings{013, author = {Nie, Pengyu and Rai, Rishabh and Li, Junyi Jessy and Khurshid, Sarfraz and Mooney, Raymond J. and Gligoric, Milos}, title = {A Framework for Writing Trigger-Action Todo Comments in Executable Format}, year = {2019}, isbn = {9781450355728}, publisher = {Association for Computing Machinery}, address = {New York, NY, USA}, url = {https://doi.org/10.1145/3338906.3338965}, doi = {10.1145/3338906.3338965}, booktitle = {Proceedings of the 2019 27th ACM Joint Meeting on European Software Engineering Conference and Symposium on the Foundations of Software Engineering}, pages = {385–396}, numpages = {12}, keywords = {Todo comments, trigger-action, domain specific languages}, location = {Tallinn, Estonia}, series = {ESEC/FSE 2019} }

@article{014,
title	= {Google's Neural Machine Translation System: Bridging the Gap between Human and Machine Translation},
author	= {Yonghui Wu and Mike Schuster and Zhifeng Chen and Quoc V. Le and Mohammad Norouzi and Wolfgang Macherey and Maxim Krikun and Yuan Cao and Qin Gao and Klaus Macherey and Jeff Klingner and Apurva Shah and Melvin Johnson and Xiaobing Liu and Łukasz Kaiser and Stephan Gouws and Yoshikiyo Kato and Taku Kudo and Hideto Kazawa and Keith Stevens and George Kurian and Nishant Patil and Wei Wang and Cliff Young and Jason Smith and Jason Riesa and Alex Rudnick and Oriol Vinyals and Greg Corrado and Macduff Hughes and Jeffrey Dean},
year	= {2016},
URL	= {http://arxiv.org/abs/1609.08144},
journal	= {CoRR},
volume	= {abs/1609.08144}
}

@article{015,
  author    = {Xinyi Wang and
               Hieu Pham and
               Pengcheng Yin and
               Graham Neubig},
  title     = {A Tree-based Decoder for Neural Machine Translation},
  journal   = {CoRR},
  volume    = {abs/1808.09374},
  year      = {2018},
  url       = {http://arxiv.org/abs/1808.09374},
  archivePrefix = {arXiv},
  eprint    = {1808.09374},
  timestamp = {Mon, 03 Sep 2018 13:36:40 +0200},
  biburl    = {https://dblp.org/rec/journals/corr/abs-1808-09374.bib},
  bibsource = {dblp computer science bibliography, https://dblp.org}
}


@article{016, author = {Costa-Juss\`{a}, Marta R. and Farr\'{u}s, Mireia}, title = {Statistical Machine Translation Enhancements through Linguistic Levels: A Survey}, year = {2014}, issue_date = {January 2014}, publisher = {Association for Computing Machinery}, address = {New York, NY, USA}, volume = {46}, number = {3}, issn = {0360-0300}, url = {https://doi.org/10.1145/2518130}, doi = {10.1145/2518130}, journal = {ACM Comput. Surv.}, month = jan, articleno = {Article 42}, numpages = {28}, keywords = {syntax, Linguistics, orthography, semantics, morphology, Lexis, statistical machine translation} }

@book{017, author = {Stone, James V.}, title = {Bayes’ Rule: A Tutorial Introduction to Bayesian Analysis}, year = {2013}, isbn = {0956372848}, publisher = {Sebtel Press} }

@inproceedings{018, author = {Hindle, Abram and Barr, Earl T. and Su, Zhendong and Gabel, Mark and Devanbu, Premkumar}, title = {On the Naturalness of Software}, year = {2012}, isbn = {9781467310673}, publisher = {IEEE Press}, booktitle = {Proceedings of the 34th International Conference on Software Engineering}, pages = {837–847}, numpages = {11}, location = {Zurich, Switzerland}, series = {ICSE ’12} }


@misc{019,
    title={Using machine translation for converting Python 2 to Python 3 code},
    author={Aggarwal K, Salameh M, Hindle A.},
    year={2015},
    eprint={3:e1459v1},
    archivePrefix={PeerJ PrePrints},
    url       = {https://peerj.com/preprints/1459v1/}
}

@inproceedings{020, author = {Nguyen, Anh Tuan and Nguyen, Tung Thanh and Nguyen, Tien N.}, title = {Migrating Code with Statistical Machine Translation}, year = {2014}, isbn = {9781450327688}, publisher = {Association for Computing Machinery}, address = {New York, NY, USA}, url = {https://doi.org/10.1145/2591062.2591072}, doi = {10.1145/2591062.2591072}, booktitle = {Companion Proceedings of the 36th International Conference on Software Engineering}, pages = {544–547}, numpages = {4}, keywords = {Language Migration, Statistical Machine Translation}, location = {Hyderabad, India}, series = {ICSE Companion 2014} }

@inproceedings{021,
 author = {Spence Green and Daniel Cer and Christopher D. Manning},
 title = {Phrasal: A Toolkit for New Directions in Statistical Machine Translation},
 booktitle = {In Proceddings of the Ninth Workshop on Statistical Machine Translation},
 year = {2014}
}

@INPROCEEDINGS{022, 
author={C. M. K. {Saifullah} and M. {Asaduzzaman} and C. K. {Roy}}, 
booktitle={2019 34th IEEE/ACM International Conference on Automated Software Engineering (ASE)}, 
title={Learning from Examples to Find Fully Qualified Names of API Elements in Code Snippets}, 
year={2019}, 
volume={}, 
number={}, 
pages={243-254}, 
keywords={application program interfaces;learning (artificial intelligence);query processing;software development management;software libraries;software reusability;source code (software);FQNs;query API element;fully qualified names;API usages;source code elements;reuse code snippets;Stack Overflow datasets;software libraries;globally related tokens;occurrence likelihood dictionary;OLD;context similarity;name similarity scores;API usages, Context sensitive technique, Recommendation system, Fully Qualified Name}, 
doi={10.1109/ASE.2019.00032}, 
ISSN={1938-4300}, 
month={Nov},}

@article{023,
  author    = {Xing Wang and
               Zhengdong Lu and
               Zhaopeng Tu and
               Hang Li and
               Deyi Xiong and
               Min Zhang},
  title     = {Neural Machine Translation Advised by Statistical Machine Translation},
  journal   = {CoRR},
  volume    = {abs/1610.05150},
  year      = {2016},
  url       = {http://arxiv.org/abs/1610.05150},
  archivePrefix = {arXiv},
  eprint    = {1610.05150},
  timestamp = {Tue, 15 Jan 2019 11:48:13 +0100},
  biburl    = {https://dblp.org/rec/journals/corr/WangLTLXZ16.bib},
  bibsource = {dblp computer science bibliography, https://dblp.org}
}

@article{024,
  author    = {Thang Luong and
               Ilya Sutskever and
               Quoc V. Le and
               Oriol Vinyals and
               Wojciech Zaremba},
  title     = {Addressing the Rare Word Problem in Neural Machine Translation},
  journal   = {CoRR},
  volume    = {abs/1410.8206},
  year      = {2014},
  url       = {http://arxiv.org/abs/1410.8206},
  archivePrefix = {arXiv},
  eprint    = {1410.8206},
  timestamp = {Mon, 13 Aug 2018 16:48:49 +0200},
  biburl    = {https://dblp.org/rec/journals/corr/LuongSLVZ14.bib},
  bibsource = {dblp computer science bibliography, https://dblp.org}
}

@inproceedings{025,
  author    = {Guillaume Klein and
               Yoon Kim and
               Yuntian Deng and
               Jean Senellart and
               Alexander M. Rush},
  title     = {Open{NMT}: Open-Source Toolkit for Neural Machine Translation},
  booktitle = {Proc. ACL},
  year      = {2017},
  url       = {https://doi.org/10.18653/v1/P17-4012},
  doi       = {10.18653/v1/P17-4012}
}

@article{026,
  author  = {Minh{-}Thang Luong and Eugene Brevdo and Rui Zhao},
  title   = {Neural Machine Translation (seq2seq) Tutorial},
  journal = {https://github.com/tensorflow/nmt},
  year    = {2017},
}

@inproceedings{027, author = {Hellendoorn, Vincent J. and Bird, Christian and Barr, Earl T. and Allamanis, Miltiadis}, title = {Deep Learning Type Inference}, year = {2018}, isbn = {9781450355735}, publisher = {Association for Computing Machinery}, address = {New York, NY, USA}, url = {https://doi.org/10.1145/3236024.3236051}, doi = {10.1145/3236024.3236051}, booktitle = {Proceedings of the 2018 26th ACM Joint Meeting on European Software Engineering Conference and Symposium on the Foundations of Software Engineering}, pages = {152–162}, numpages = {11}, keywords = {Naturalness, Type Inference, Deep Learning}, location = {Lake Buena Vista, FL, USA}, series = {ESEC/FSE 2018} }

@inproceedings{028, author = {Phan, Hung and Nguyen, Hoan Anh and Tran, Ngoc M. and Truong, Linh H. and Nguyen, Anh Tuan and Nguyen, Tien N.}, title = {Statistical Learning of API Fully Qualified Names in Code Snippets of Online Forums}, year = {2018}, isbn = {9781450356381}, publisher = {Association for Computing Machinery}, address = {New York, NY, USA}, url = {https://doi.org/10.1145/3180155.3180230}, doi = {10.1145/3180155.3180230}, booktitle = {Proceedings of the 40th International Conference on Software Engineering}, pages = {632–642}, numpages = {11}, keywords = {big code, naturalness, type resolution, type annotations, type inference, statistical machine translation, partial program analysis}, location = {Gothenburg, Sweden}, series = {ICSE ’18} }

@article{029,
  author    = {Thai{-}Hoang Pham and
               Xuan{-}Khoai Pham and
               Phuong Le{-}Hong},
  title     = {On the Use of Machine Translation-Based Approaches for Vietnamese
               Diacritic Restoration},
  journal   = {CoRR},
  volume    = {abs/1709.07104},
  year      = {2017},
  url       = {http://arxiv.org/abs/1709.07104},
  archivePrefix = {arXiv},
  eprint    = {1709.07104},
  timestamp = {Mon, 13 Aug 2018 16:47:58 +0200},
  biburl    = {https://dblp.org/rec/journals/corr/abs-1709-07104.bib},
  bibsource = {dblp computer science bibliography, https://dblp.org}
}

@misc{030,
    author={Project Android},
	title={Example of method fireQueueStateChanged() in the Android project},
	 howpublished = "\url{https://tinyurl.com/ukgnrph}",
	month = "August",
      year = "2019",
}

@INPROCEEDINGS{031, 
author={M. {Allamanis} and C. {Sutton}}, 
booktitle={2013 10th Working Conference on Mining Software Repositories (MSR)}, 
title={Mining source code repositories at massive scale using language modeling}, 
year={2013}, 
volume={}, 
number={}, 
pages={207-216}, 
keywords={data mining;Java;project management;software management;software metrics;source coding;statistical analysis;source code repositories mining;giga-token probabilistic language model;Java;code suggestion task;software project analysis;statistical analysis;data-driven complexity metrics;code module complexity;module topical centrality;reusable utility classes;programs core logic;general information theoretic criteria;Training;Entropy;Java;Measurement;Predictive models;Complexity theory;Software},
doi={10.1109/MSR.2013.6624029}, 
ISSN={2160-1852}, 
month={May},}

@misc{032,
    author={Eclipse JDT},
	title={Eclipse JDT},
	 howpublished = "\url{https://tinyurl.com/yx5hto3f}",
	month = "February",
      year = "2020",
}

@book{033, author = {Jurafsky, Daniel and Martin, James H.}, title = {Speech and Language Processing (2nd Edition)}, year = {2009}, isbn = {0131873210}, publisher = {Prentice-Hall, Inc.}, address = {USA} }
 


@inproceedings{034,
  author = {Kenneth Heafield},
  title = {{KenLM:} Faster and Smaller Language Model Queries},
  year = {2011},
  month = {July},
  booktitle = {Proceedings of the {EMNLP} 2011 Sixth Workshop on Statistical Machine Translation},
  address = {Edinburgh, Scotland, United Kingdom},
  pages = {187--197},
  url = {https://kheafield.com/papers/avenue/kenlm.pdf},
}

@inproceedings{035, author = {Chen, Stanley F. and Goodman, Joshua}, title = {An Empirical Study of Smoothing Techniques for Language Modeling}, year = {1996}, publisher = {Association for Computational Linguistics}, address = {USA}, url = {https://doi.org/10.3115/981863.981904}, doi = {10.3115/981863.981904}, booktitle = {Proceedings of the 34th Annual Meeting on Association for Computational Linguistics}, pages = {310–318}, numpages = {9}, location = {Santa Cruz, California}, series = {ACL ’96} }

@article{036,
  author    = {Kun Jing and
               Jungang Xu},
  title     = {A Survey on Neural Network Language Models},
  journal   = {CoRR},
  volume    = {abs/1906.03591},
  year      = {2019},
  url       = {http://arxiv.org/abs/1906.03591},
  archivePrefix = {arXiv},
  eprint    = {1906.03591},
  timestamp = {Mon, 24 Jun 2019 12:45:47 +0200},
  biburl    = {https://dblp.org/rec/journals/corr/abs-1906-03591.bib},
  bibsource = {dblp computer science bibliography, https://dblp.org}
}

@inproceedings{037,
    title = "Scalable Modified {K}neser-{N}ey Language Model Estimation",
    author = "Heafield, Kenneth  and
      Pouzyrevsky, Ivan  and
      Clark, Jonathan H.  and
      Koehn, Philipp",
    booktitle = "Proceedings of the 51st Annual Meeting of the Association for Computational Linguistics (Volume 2: Short Papers)",
    month = aug,
    year = "2013",
    address = "Sofia, Bulgaria",
    publisher = "Association for Computational Linguistics",
    url = "https://www.aclweb.org/anthology/P13-2121",
    pages = "690--696",
}

@book{039,
author = {Koehn, Philipp},
title = {Statistical Machine Translation},
year = {2010},
isbn = {0521874157},
publisher = {Cambridge University Press},
address = {USA},
edition = {1st}
}

@article{040,
  author  = {Minh{-}Thang Luong and Eugene Brevdo and Rui Zhao},
  title   = {Neural Machine Translation (seq2seq) Tutorial},
  journal = {https://github.com/tensorflow/nmt},
  year    = {2017},
}

@book{041, author = {Aghdam, Hamed Habibi and Heravi, Elnaz Jahani}, title = {Guide to Convolutional Neural Networks: A Practical Application to Traffic-Sign Detection and Classification}, year = {2017}, isbn = {331957549X}, publisher = {Springer Publishing Company, Incorporated}, edition = {1st} }

@inproceedings{042, author = {Ghoshal, Torumoy and Zhang, Silu and Dang, Xin and Wilkins, Dawn and Chen, Yixin}, title = {Improving Performance of Convolutional Neural Networks via Feature Embedding}, year = {2019}, isbn = {9781450362511}, publisher = {Association for Computing Machinery}, address = {New York, NY, USA}, url = {https://doi.org/10.1145/3299815.3314429}, doi = {10.1145/3299815.3314429}, booktitle = {Proceedings of the 2019 ACM Southeast Conference}, pages = {31–38}, numpages = {8}, keywords = {Feature Embedding, Feature Locality, Convolutional Neural Networks, Classification, t-SNE}, location = {Kennesaw, GA, USA}, series = {ACM SE ’19} }

@article{043,
  author    = {Thomas N. Kipf and
               Max Welling},
  title     = {Semi-Supervised Classification with Graph Convolutional Networks},
  journal   = {CoRR},
  volume    = {abs/1609.02907},
  year      = {2016},
  url       = {http://arxiv.org/abs/1609.02907},
  archivePrefix = {arXiv},
  eprint    = {1609.02907},
  timestamp = {Mon, 13 Aug 2018 16:48:31 +0200},
  biburl    = {https://dblp.org/rec/journals/corr/KipfW16.bib},
  bibsource = {dblp computer science bibliography, https://dblp.org}
}

@article{044,
  author    = {Alex Sherstinsky},
  title     = {Fundamentals of Recurrent Neural Network {(RNN)} and Long Short-Term
               Memory {(LSTM)} Network},
  journal   = {CoRR},
  volume    = {abs/1808.03314},
  year      = {2018},
  url       = {http://arxiv.org/abs/1808.03314},
  archivePrefix = {arXiv},
  eprint    = {1808.03314},
  timestamp = {Sun, 02 Sep 2018 15:01:55 +0200},
  biburl    = {https://dblp.org/rec/journals/corr/abs-1808-03314.bib},
  bibsource = {dblp computer science bibliography, https://dblp.org}
}
@inproceedings{045, author = {Papineni, Kishore and Roukos, Salim and Ward, Todd and Zhu, Wei-Jing}, title = {BLEU: A Method for Automatic Evaluation of Machine Translation}, year = {2002}, publisher = {Association for Computational Linguistics}, address = {USA}, url = {https://doi.org/10.3115/1073083.1073135}, doi = {10.3115/1073083.1073135}, booktitle = {Proceedings of the 40th Annual Meeting on Association for Computational Linguistics}, pages = {311–318}, numpages = {8}, location = {Philadelphia, Pennsylvania}, series = {ACL ’02} }

@inproceedings{046,
  author = {Yin, Pengcheng and Deng, Bowen and Chen, Edgar and Vasilescu, Bogdan and Neubig, Graham},
  title = {Learning to Mine Aligned Code and Natural Language Pairs from Stack Overflow},
  booktitle = {International Conference on Mining Software Repositories},
  series = {MSR},
  pages = {476--486},
  year = {2018},
  publisher = {ACM},
  doi = {https://doi.org/10.1145/3196398.3196408},
}

@misc{047,
    author={ResearchGate},
	title={Question of Hidden Unit in NMT},
	 howpublished = "\url{https://tinyurl.com/j5b2o3r}",
	month = "August",
      year = "2019",
}

@misc{048,
    author={StackOverflow},
	title={Regular Expression collection site 1},
	 howpublished = "\url{https://stackoverflow.com/}",
	month = "August",
      year = "2019",
}

@misc{049,
    author={RegexTester},
	title={Regular Expression collection site 2},
	 howpublished = "\url{https://www.regextester.com/97778}",
	month = "August",
      year = "2019",
}

@misc{050,
    author={ASE 2019},
	title={Machine Learning Based Automated Method Name Recommendation: How Far Are We},
	 howpublished = "\url{https://tinyurl.com/qu3eaay}",
	month = "August",
      year = "2019",
}

@inproceedings{051, author = {Xu, Sihan and Zhang, Sen and Wang, Weijing and Cao, Xinya and Guo, Chenkai and Xu, Jing}, title = {Method Name Suggestion with Hierarchical Attention Networks}, year = {2019}, isbn = {9781450362269}, publisher = {Association for Computing Machinery}, address = {New York, NY, USA}, url = {https://doi.org/10.1145/3294032.3294079}, doi = {10.1145/3294032.3294079}, booktitle = {Proceedings of the 2019 ACM SIGPLAN Workshop on Partial Evaluation and Program Manipulation}, pages = {10–21}, numpages = {12}, keywords = {Program Comprehension, Rename Method, Refactoring}, location = {Cascais, Portugal}, series = {PEPM 2019} }

@inproceedings{052, author = {Allamanis, Miltiadis and Barr, Earl T. and Bird, Christian and Sutton, Charles}, title = {Suggesting Accurate Method and Class Names}, year = {2015}, isbn = {9781450336758}, publisher = {Association for Computing Machinery}, address = {New York, NY, USA}, url = {https://doi.org/10.1145/2786805.2786849}, doi = {10.1145/2786805.2786849}, booktitle = {Proceedings of the 2015 10th Joint Meeting on Foundations of Software Engineering}, pages = {38–49}, numpages = {12}, keywords = {naturalness of software, Coding conventions}, location = {Bergamo, Italy}, series = {ESEC/FSE 2015} }

@misc{053,
  title="PrefixMap data",
  howpublished = "\url{https://tinyurl.com/ueog99o}",
   author={ PrefixMap},
	month = "March",
      year = "2020",
}
